@misc{matsim,
title={Pagina Wikipedia - Matrice Simmetrica},
note={\url{https://it.wikipedia.org/wiki/Matrice_simmetrica}},
key={WIKI}
}

@misc{matpos,
title={Pagina Wikipedia - Matrice Definita Positiva},
note={\url{https://it.wikipedia.org/wiki/Matrice_definita_positiva}},
key={WIKI}
}

@misc{matspa,
title={Pagina Wikipedia - Matrice Sparsa},
note={\url{https://it.wikipedia.org/wiki/Matrice_sparsa}},
key={WIKI}
}

@misc{disp,
title={Note di Calcolo Scientifico - Algebra lineare},
note={\url{https://elearning.unimib.it/pluginfile.php/766694/mod_resource/content/1/note.pdf}},
author={Franco Dassi},
key={ELEARNING}
}

@misc{matlab,
title={Pagina Wikipedia - MATLAB},
note={\url{https://it.wikipedia.org/wiki/MATLAB}},
key={WIKI}
}

@misc{cholmatlab,
title={Cholesky Factorization - MATLAB},
note={\url{https://www.mathworks.com/help/matlab/ref/chol.html}},
key={WIKI}
}

@misc{mldividematlab,
title={mldivide - MATLAB},
note={\url{https://www.mathworks.com/help/matlab/ref/mldivide.html}},
key={WIKI}
}

@misc{decompositionmatlab,
title={Decomposition - MATLAB},
note={\url{https://www.mathworks.com/help/matlab/ref/decomposition.html}},
key={WIKI}
}

@misc{profilermatlab,
title={Profile - MATLAB},
note={\url{https://www.mathworks.com/help/matlab/ref/profile.html}},
key={WIKI}
}

@misc{octave,
title={Pagina Wikipedia - OCTAVE},
note={\url{https://it.wikipedia.org/wiki/GNU_Octave}},
key={WIKI}
}

@misc{choloctave,
title={Cholesky Factorization - OCTAVE},
note={\url{https://octave.org/doc/v5.2.0/Matrix-Factorizations.html}},
key={WIKI}
}

@misc{mldivideoctave,
title={mldivide - OCTAVE},
note={\url{https://octave.sourceforge.io/octave/function/mldivide.html}},
key={WIKI}
}

@misc{scikit-sparse,
title={scikit-sparse PYTHON},
note={\url{https://pypi.org/project/scikit-sparse/}},
key={WIKI}
}

@misc{suitesparse,
title={suitesparse PYTHON},
note={\url{http://faculty.cse.tamu.edu/davis/suitesparse.html}},
key={WIKI}
}

@misc{package,
title={Installazione Windows di scikit-sparse},
note={\url{https://github.com/xmlyqing00/Cholmod-Scikit-Sparse-Windows}},
key={WIKI}
}

@misc{profilerpython,
title={Memory Profiler - PYTHON},
note={\url{https://pypi.org/project/memory-profiler/}},
key={WIKI}
}